<collection xmlns="http://www.loc.gov/MARC21/slim">
<record>
  <leader>00427na 0a22001211i 450 </leader>
  <controlfield tag="001">IT\ICCU\CNCE\064489</controlfield>
  <controlfield tag="005">20160623000000.0</controlfield>
  <datafield tag="100" ind1=" " ind2=" ">
    <subfield code="a">20060422             0itac0103    ba</subfield>
  </datafield>
  <datafield tag="101" ind1=" " ind2=" ">
    <subfield code="a">LAT</subfield>
  </datafield>
  <datafield tag="200" ind1="1" ind2=" ">
    <subfield code="a">Supplementum in secundum librum compendii medicinae Ioannis Mesues medici celeberrimi</subfield>
  </datafield>
  <datafield tag="700" ind1=" " ind2="0">
    <subfield code="a">Mesue</subfield>
    <subfield code="c"> &lt;m. 1015&gt;</subfield>
    <subfield code="3">IT\ICCU\CNCA\029795</subfield>
  </datafield>
  <datafield tag="790" ind1=" " ind2="0">
    <subfield code="a">Mesue</subfield>
    <subfield code="c"> &lt;il giovane&gt;</subfield>
    <subfield code="3">IT\ICCU\CNCA\029796</subfield>
    <subfield code="z">Mesue &lt;m. 1015&gt;</subfield>
  </datafield>
  <datafield tag="801" ind1=" " ind2="3">
    <subfield code="a">IT</subfield>
    <subfield code="b">ICCU</subfield>
    <subfield code="c">20201115</subfield>
  </datafield>
</record>
</collection>
